%%%%%%%%%%%%%%%%%%%%%%%%%%%%%%%
@article{bar21health,
  title={Healthcare misinformation detection and fact-checking: a novel approach},
  author={Barve, Yashoda and Saini, Jatinderkumar R},
  journal={International Journal of Advanced Computer Science and Applications},
  volume={12},
  number={10},
  year={2021},
  publisher={Science and Information (SAI) Organization Limited}
}

@phdthesis{chap22unmask,
  title={Unmasking Medical Fake News Using Machine Learning Techniques},
  author={Chaphekar, Garima},
  year={2022},
  school={San Jose State University}
}

@inproceedings{aph18detect,
  title={Detecting fake news with machine learning method},
  author={Aphiwongsophon, Supanya and Chongstitvatana, Prabhas},
  booktitle={2018 15th international conference on electrical engineering/electronics, computer, telecommunications and information technology (ECTI-CON)},
  pages={528--531},
  year={2018},
  organization={IEEE}
}

@article{wa19sys,
  title={Systematic literature review on the spread of health-related misinformation on social media},
  author={Wang, Yuxi and McKee, Martin and Torbica, Aleksandra and Stuckler, David},
  journal={Social science \& medicine},
  volume={240},
  pages={112552},
  year={2019},
  publisher={Elsevier}
}

@article{war18dr,
  title={Dr. google is a liar},
  author={Warraich, Haider},
  journal={New York Times},
  year={2018}
}

@article{pos18short,
  title={A short guide to the history of ‘fake news’ and disinformation},
  author={Posetti, Julie and Matthews, Alice},
  journal={International Center for Journalists},
  volume={7},
  number={2018},
  pages={2018--07},
  year={2018}
}

@misc{who22infodemics,
  title={Infodemics and Misinformation Negatively Affect People’s Health Behaviours, New WHO Review Finds. 2022},
  author={World Health Organization (WHO) and others},
  year={2022}
}

@article{nad11natural,
  title={Natural language processing: an introduction},
  author={Nadkarni, Prakash M and Ohno-Machado, Lucila and Chapman, Wendy W},
  journal={Journal of the American Medical Informatics Association},
  volume={18},
  number={5},
  pages={544--551},
  year={2011},
  publisher={BMJ Group BMA House, Tavistock Square, London, WC1H 9JR}
}

@article{lid01natural,
  title={Natural language processing},
  author={Liddy, Elizabeth D},
  year={2001}
}

@article{chr16tfidf,
  title={Single document automatic text summarization using term frequency-inverse document frequency (TF-IDF)},
  author={Christian, Hans and Agus, Mikhael Pramodana and Suhartono, Derwin},
  journal={ComTech: Computer, Mathematics and Engineering Applications},
  volume={7},
  number={4},
  pages={285--294},
  year={2016}
}

@incollection{tor10transfer,
  title={Transfer learning},
  author={Torrey, Lisa and Shavlik, Jude},
  booktitle={Handbook of research on machine learning applications and trends: algorithms, methods, and techniques},
  pages={242--264},
  year={2010},
  publisher={IGI global}
}

@article{cook15misinfo,
  title={Misinformation and how to correct it},
  author={Cook, John and Ecker, Ullrich and Lewandowsky, Stephan},
  journal={Emerging trends in the social and behavioral sciences: An interdisciplinary, searchable, and linkable resource},
  pages={1--17},
  year={2015},
  publisher={John Wiley \& Sons, Inc. Hoboken, NJ, USA}
}

@article{gu20misinfo,
  title={Misinformation, disinformation, and online propaganda},
  author={Guess, Andrew M and Lyons, Benjamin A},
  journal={Social media and democracy: The state of the field, prospects for reform},
  volume={10},
  year={2020}
}

@article{bur17history,
  title={History of fake news},
  author={Burkhardt, Joanna M},
  journal={Library Technology Reports},
  volume={53},
  number={8},
  pages={5--9},
  year={2017}
}