%%%%%%%%%%%%%%%%%%%%%%%%%%%%%%%
@article{bar21health,
  title={Healthcare misinformation detection and fact-checking: a novel approach},
  author={Barve, Yashoda and Saini, Jatinderkumar R},
  journal={International Journal of Advanced Computer Science and Applications},
  volume={12},
  number={10},
  year={2021},
  publisher={Science and Information (SAI) Organization Limited}
}

@phdthesis{chap22unmask,
  title={Unmasking Medical Fake News Using Machine Learning Techniques},
  author={Chaphekar, Garima},
  year={2022},
  school={San Jose State University}
}

@inproceedings{aph18detect,
  title={Detecting fake news with machine learning method},
  author={Aphiwongsophon, Supanya and Chongstitvatana, Prabhas},
  booktitle={2018 15th international conference on electrical engineering/electronics, computer, telecommunications and information technology (ECTI-CON)},
  pages={528--531},
  year={2018},
  organization={IEEE}
}

@article{lazer18science,
  title={The science of fake news},
  author={Lazer, David MJ and Baum, Matthew A and Benkler, Yochai and Berinsky, Adam J and Greenhill, Kelly M and Menczer, Filippo and Metzger, Miriam J and Nyhan, Brendan and Pennycook, Gordon and Rothschild, David and others},
  journal={Science},
  volume={359},
  number={6380},
  pages={1094--1096},
  year={2018},
  publisher={American Association for the Advancement of Science}
}

@article{wa19sys,
  title={Systematic literature review on the spread of health-related misinformation on social media},
  author={Wang, Yuxi and McKee, Martin and Torbica, Aleksandra and Stuckler, David},
  journal={Social science \& medicine},
  volume={240},
  pages={112552},
  year={2019},
  publisher={Elsevier}
}

@article{ahm23imp,
  title={Impact of artificial intelligence on human loss in decision making, laziness and safety in education},
  author={Ahmad, Sayed Fayaz and Han, Heesup and Alam, Muhammad Mansoor and Rehmat, Mohd and Irshad, Muhammad and Arra{\~n}o-Mu{\~n}oz, Marcelo and Ariza-Montes, Antonio and others},
  journal={Humanities and Social Sciences Communications},
  volume={10},
  number={1},
  pages={1--14},
  year={2023},
  publisher={Palgrave}
}

@article{war18dr,
  title={Dr. google is a liar},
  author={Warraich, Haider},
  journal={New York Times},
  year={2018}
}

@article{pos18short,
  title={A short guide to the history of ‘fake news’ and disinformation},
  author={Posetti, Julie and Matthews, Alice},
  journal={International Center for Journalists},
  volume={7},
  number={2018},
  pages={2018--07},
  year={2018}
}

@misc{who22infodemics,
  title={Infodemics and Misinformation Negatively Affect People’s Health Behaviours, New WHO Review Finds. 2022},
  author={World Health Organization (WHO) and others},
  year={2022}
}

@article{nad11natural,
  title={Natural language processing: an introduction},
  author={Nadkarni, Prakash M and Ohno-Machado, Lucila and Chapman, Wendy W},
  journal={Journal of the American Medical Informatics Association},
  volume={18},
  number={5},
  pages={544--551},
  year={2011},
  publisher={BMJ Group BMA House, Tavistock Square, London, WC1H 9JR}
}

@article{lid01natural,
  title={Natural language processing},
  author={Liddy, Elizabeth D},
  year={2001}
}

@article{chr16tfidf,
  title={Single document automatic text summarization using term frequency-inverse document frequency (TF-IDF)},
  author={Christian, Hans and Agus, Mikhael Pramodana and Suhartono, Derwin},
  journal={ComTech: Computer, Mathematics and Engineering Applications},
  volume={7},
  number={4},
  pages={285--294},
  year={2016}
}

@incollection{tor10transfer,
  title={Transfer learning},
  author={Torrey, Lisa and Shavlik, Jude},
  booktitle={Handbook of research on machine learning applications and trends: algorithms, methods, and techniques},
  pages={242--264},
  year={2010},
  publisher={IGI global}
}